@Article{ti,
    title = {Welcome to the {tidyverse}},
    author = {Hadley Wickham and Mara Averick and Jennifer Bryan and Winston Chang and Lucy D'Agostino McGowan and Romain François and Garrett Grolemund and Alex Hayes and Lionel Henry and Jim Hester and Max Kuhn and Thomas Lin Pedersen and Evan Miller and Stephan Milton Bache and Kirill Müller and Jeroen Ooms and David Robinson and Dana Paige Seidel and Vitalie Spinu and Kohske Takahashi and Davis Vaughan and Claus Wilke and Kara Woo and Hiroaki Yutani},
    year = {2019},
    journal = {Journal of Open Source Software},
    volume = {4},
    number = {43},
    pages = {1686},
    doi = {10.21105/joss.01686},
  }
  
@Manual{dplyr,
    title = {dplyr: A Grammar of Data Manipulation},
    author = {Hadley Wickham and Romain François and Lionel Henry and Kirill Müller and Davis Vaughan},
    year = {2023},
    note = {R package version 1.1.0},
    url = {https://CRAN.R-project.org/package=dplyr},
  }
  
 @Manual{janitor,
    title = {janitor: Simple Tools for Examining and Cleaning Dirty Data},
    author = {Sam Firke},
    year = {2023},
    note = {R package version 2.2.0},
    url = {https://CRAN.R-project.org/package=janitor},
  }
  
@Manual{here,
    title = {here: A Simpler Way to Find Your Files},
    author = {Kirill Müller},
    year = {2020},
    note = {R package version 1.0.1},
    url = {https://CRAN.R-project.org/package=here},
  }

@Manual{haven,
    title = {haven: Import and Export 'SPSS', 'Stata' and 'SAS' Files},
    author = {Hadley Wickham and Evan Miller and Danny Smith},
    year = {2022},
    note = {R package version 2.5.1},
    url = {https://CRAN.R-project.org/package=haven},
  }
  
@misc{knitr,
  author = {Yihui Xie},
  title = {knitr: A Comprehensive Tool for Reproducible Research in {R}},
  year = {2014},
  howpublished = {\url{https://yihui.org/knitr/}},
  note = {R package version 1.36},
}


@Book{ggplot,
    author = {Hadley Wickham},
    title = {ggplot2: Elegant Graphics for Data Analysis},
    publisher = {Springer-Verlag New York},
    year = {2016},
    isbn = {978-3-319-24277-4},
    url = {https://ggplot2.tidyverse.org},
}

 @Manual{kableExtra,
    title = {kableExtra: Construct Complex Table with 'kable' and Pipe Syntax},
    author = {Hao Zhu},
    year = {2021},
    note = {R package version 1.3.4},
    url = {https://CRAN.R-project.org/package=kableExtra},
  }
  
@misc{gss,
  title = {GSS General Social Survey},
  howpublished = {\url{https://gss.norc.org/}},
  note = {Accessed on March 26, 2023},
  year = {2023},
  organization = {NORC at the University of Chicago}
}

 @Article{modelsummary,
    title = {{modelsummary}: Data and Model Summaries in {R}},
    author = {Vincent Arel-Bundock},
    journal = {Journal of Statistical Software},
    year = {2022},
    volume = {103},
    number = {1},
    pages = {1--23},
    doi = {10.18637/jss.v103.i01},
  }

@article{a,
  title={Marriage and Child Well-Being: Research and Policy Perspectives},
  author={Brown, S. J. },
  journal={Journal of Marriage and Family},
  pages={1059-1077},
  year={2010},
}  

@article{b,
  title={Aging, health and place in residential care facilities in Beijing, China},
  author={Cheng, Y., Rosenberg, M. W., Wang, W., Yang, L., & Li, H.  },
  journal={Social Science & Medicine},
  pages={365-372},
  year={2011},
}  

@article{c,
  title={Does Marriage Matter? },
  author={Waite, L. J.},
  journal={Demography},
  pages={483-507},
  year={1995},
}  

@article{d,
  title={Forging ahead: Linking health and behavior to improve quality of life in older people},
  author={Ory, M. G., & Cox, D.},
  journal={Social Indicators Research},
  pages={89-120},
  year={1994},
}  

@article{e,
  title={GRATITUDE AND HAPPINESS: DEVELOPMENT OF A MEASURE OF GRATITUDE, AND RELATIONSHIPS WITH SUBJECTIVE WELL-BEING},
  author={Watkins, P. C., Woodward, K., Stone, T. T., & Kolts, R. L.},
  journal={Social Behavior and Personality},
  pages={431–451},
  year={2003},
}  

@article{f,
  title={International students: a vulnerable student population},
  author={Sherry, M., Thomas, P., & Chui, W. H},
  journal={Higher Education},
  pages={33–46},
  year={2001},
}  

@article{g,
  title={Linking individual development and social changes},
  author={Stewart, A. J., & Healy, J. L},
  journal={American Psychologist},
  pages={30–42},
  year={1989},
}  

@article{h,
  title={Looking forward but learning from our past: Potential challenges to developing authentic leadership theory and authentic leaders},
  author={Cooper, C. D., Scandura, T. A., & Schriesheim, C. A.},
  journal={Leadership Quarterly},
  pages={475–493},
  year={2005},
}  

@article{i,
  title={Personal goals and subjective well-being: A longitudinal study},
  author={Brunstein, J. C.},
  journal={Journal of Personality and Social Psychology},
  pages={1061-1070},
  year={1993},
}  